@article{tracery,
title={Tracery: An Author-Focused Generative Text Tool},
author={Kate Compton, Ben Kybartas, Michael Mateas},
year={2015},
publisher={Springer}
}

@article{geneticAlgorithm,
title={An Introduction to Genetic Algorithms},
author={Melanie Mitchell},
year={1996},
publisher={MIT Press}
}

@article{twitterBot,
title={Japan the Twitter nation},
author={Akky Akimoto},
year={2011},
publisher={The Japan Times}
}